@article{beck_2019_machine,
  author = {Beck, Christian and Weinan E and Jentzen, Arnulf},
  month = {01},
  title = {Machine learning approximation algorithms for high-dimensional fully nonlinear partial differential equations and second-order backward stochastic differential equations},
  doi = {10.1007/s00332-018-9525-3},
  year = {2019},
  journal = {Journal of Nonlinear Science}
}

@article{black_1973_the,
  author = {Black, Fischer and Scholes, Myron},
  pages = {637-654},
  title = {The pricing of options and corporate liabilities},
  url = {https://www.jstor.org/stable/1831029?origin=JSTOR-pdf},
  volume = {81},
  year = {1973},
  journal = {Journal of Political Economy}
}


@book{callan_1999_the,
  author = {Callan, Robert},
  publisher = {Prentice Hall Europe},
  title = {The essence of neural networks},
  year = {1999}
}

@article{aleern_2023_numeraireinvariant,
  author = {Aleš Černý and Christoph Czichowsky and Kallsen, Jan},
  month = {01},
  pages = {752-781},
  publisher = {Institute for Operations Research and the Management Sciences},
  title = {Numeraire-invariant quadratic hedging and Mean–Variance portfolio allocation},
  doi = {10.1287/moor.2023.1374},
  volume = {49},
  year = {2023},
  journal = {Mathematics of Operations Research}
}

@book{aleern_2004_mathematical,
  author = {Aleš Černý},
  edition = {1},
  publisher = {Princeton University Press},
  title = {Mathematical techniques in finance: Tools for incomplete markets},
  year = {2004}
}

@misc{frey_2022_option,
  author = {Frey, Christoph and Scheuch, Christoph and Voigt, Stefan and Weiss, Patrick},
  title = {Option pricing via machine learning with python},
  url = {https://www.tidy-finance.org/python/option-pricing-via-machine-learning.html},
  year = {2022}
}

@misc{gavin_2024_the,
  author = {Gavin, Henri},
  title = {The Levenberg-Marquardt algorithm for nonlinear least squares curve-fitting problems},
  url = {https://people.duke.edu/~hpgavin/lm.pdf},
  year = {2024}
}

@book{glasserman_2013_monte,
  author = {Glasserman, Paul},
  month = {01},
  publisher = {Springer Science \& Business Media},
  title = {Monte carlo methods in financial engineering},
  year = {2013}
}

@article{heston_1993_a,
  author = {Heston, Steven L},
  month = {01},
  pages = {327-343},
  title = {A closed-form solution for options with stochastic volatility with applications to bond and currency options},
  doi = {10.1093/rfs/6.2.327},
  volume = {6},
  year = {1993},
  journal = {Review of Financial Studies}
}

@article{willemhundsdorfer_1995_a,
  author = {Willem Hundsdorfer and Koren, Barry and Loon, M van and Verwer, J G},
  month = {01},
  pages = {35-46},
  publisher = {Elsevier BV},
  title = {A positive finite-difference advection scheme},
  doi = {10.1006/jcph.1995.1042},
  volume = {117},
  year = {1995},
  journal = {Journal of Computational Physics}
}

@article{liu_2019_pricing,
  author = {Liu, Shuaiqiang and Cornelis Oosterlee and Bohte, Sander},
  month = {01},
  pages = {16},
  title = {Pricing options and computing implied volatilities using neural networks},
  doi = {10.3390/risks7010016},
  volume = {7},
  year = {2019},
  journal = {Risks}
}

@article{parr_2021_partial,
  author = {Parr, Terence and Wilson, James D},
  month = {01},
  pages = {100146},
  title = {Partial dependence through stratification},
  doi = {10.1016/j.mlwa.2021.100146},
  volume = {6},
  year = {2021},
  journal = {Machine Learning with Applications}
}

@book{pharr_2004_gpu,
  author = {Pharr, Matt},
  publisher = {Addison-Wesley},
  title = {GPU gems 2 : programming techniques for high-performance graphics and general-purpose computation},
  year = {2004}
}

@article{zhang_2024_bilevel,
  author = {Zhang, Zixuan and Chronopoulos, Michail and Ioannis Kyriakou and Dimitrova, Dimitrina S},
  month = {01},
  pages = {327-340},
  publisher = {Elsevier BV},
  title = {Bi-level optimisation of subsidy and capacity investment under competition and uncertainty},
  doi = {10.1016/j.ejor.2024.03.028},
  volume = {318},
  year = {2024},
  journal = {European Journal of Operational Research}
}